@unpublished{arreghini2022exploring,
  author = {Simone Arreghini and Cristina Iani and Alessandro Giusti and Valeria Villani and Lorenzo Sabattini and Antonio Paolillo},
  title  = {Exploring Human-Robot Collaboration: Analysis of Interaction Modalities in Challenging Tasks},
  note   = {Unpublished manuscript. PDF accessed by personal communication.},
  year   = {2022}
}

@misc{frovaaa2025robomaster,
  author       = {Davide Frova},
  title        = {robomaster\_ros: {ROS2} drivers for RoboMaster {EP}},
  howpublished = {\url{https://github.com/frovaaa/robomaster_ros}},
  note         = {Fork of original codebase, expanded for this project},
  year         = {2025}
}

@misc{frovaaa2025robomasterhri,
  author       = {Davide Frova},
  title        = {robomaster\_hri: {ROS2} packages for Human-Robot Interaction with RoboMaster {EP}},
  howpublished = {\url{https://github.com/frovaaa/robomaster_hri}},
  note         = {Private repository. Fork of original codebase, expanded for navigation and interaction in HRI experiments},
  year         = {2025}
}

@misc{foxglove,
  author       = {Foxglove Technologies, Inc.},
  title        = {Foxglove Studio},
  howpublished = {\url{https://foxglove.dev}},
  note         = {Accessed: 2025-05-21}
}

@misc{djirobomasterep,
  author       = {DJI},
  title        = {RoboMaster {EP}},
  howpublished = {\url{https://www.dji.com/ch/robomaster-ep/specs}},
  note         = {Accessed: 2025-05-21}
}

@misc{frovaaa2025hogwarts,
  author       = {Davide Frova},
  title        = {{H.O.G.W.A.R.T.S} -- Human Operated GUI for Wizardry and Remote Telepresence System},
  howpublished = {\url{https://github.com/frovaaa/hogwarts}},
  note         = {Web-based dashboard for Wizard-of-Oz control},
  year         = {2025}
}

@unpublished{landoni2025tesoro,
  author = {Monica Landoni and Antonio Paolillo},
  title  = {TESORO: TEaching SOcial RObots to help children learn about themselves. SNSF Project Proposal},
  note   = {Unpublished project proposal, shared via personal communication},
  year   = {2025}
}